% Encoding: UTF-8

@Book{vitis_man,
  author  = {Xilinx Vitis guide},
  title   = {Intro to the Microblaze programming},
  year    = {2020},
  edition = {2.1},
  pages   = {1 - 144},
}

@Book{microblaze_man,
  author  = {Microblaze reference guide, Xilinx},
  title   = {Intro to the Microblaze programming},
  year    = {2018},
  edition = {UG984},
  pages   = {1 - 271},
}

@ARTICLE{magical,
  title     = {MAG.I.C.AL. -- A Unified Methodology for Magnetic and Inertial Sensors Calibration and Alignment},
  author = {Konstantinos Papafotis and Paul P. Sotiriadis},
  year      = {2019},
  journal = {IEEE Sensors Journal},
  volume     = {19},
  pages     = {8241 - 8251},
  doi       = {10.1109/JSEN.2019.2919179},
  language = {english},
}

@ARTICLE{accelerometer,
  title     = {Calibration Method Based on the Generalized Nonlinear Least Square Method},
  author    = {Youngsaeng Lee},
  year      = {2020},
  journal = {Entropy},
  volume     = {22},
  pages     = {8241 - 8251},
  pages     = {985},
  doi       = {10.1007/s42493-020-00045-2},
}

@Misc{bearing,
  title     = {Calculate distance, bearing and more between Latitude/Longitude points},
  author    = {Chris Veness},
  date      = {2024-03-21},
  url       = {https://www.movable-type.co.uk/scripts/latlong.html},
  timestamp = {2024-03-21},
}

@Misc{magnet_declination,
  title     = {World Magnetic Declination 2020},
  date      = {2024-03-21},
  url       = {https://upload.wikimedia.org/wikipedia/commons/a/a1/World_Magnetic_Declination_2020.pdf},
  timestamp = {2024-03-21},
}

@ARTICLE{mag_calib_cmp,
  title     = {Magnetic Field Sensors Calibration: Algorithms Overview and Comparison},
  date      = {2022-03-09},
  journal = {Department of Electrical and Computer Engineering, National Technical University of Athens},
  volume     = {14},
  pages     = {214-235},
  pages     = {620},
  timestamp = {2021-08-21},
  doi       = {10.3390/s21165288},
}

@Book{dsp,
  title     = {Теория и применение цифровой обработки сигналов},
  author    = {Рабинер Л., Гоулд Б.},
  year      = {1978},
  publisher = {Мир},
  pages     = {178 - 198},
  language  = {russian},
  hyphenation={russian},
}
@Misc{ubuntu_how_to_install,
  title = {Installation -- Community Help Wiki},
  date  = {2022-05-08},
  url   = {https://help.ubuntu.com/community/Installation},
}

@Misc{ubuntu_download_site,
  title = {Ubuntu 22.04 LTS (Jammy Jellyfish)},
  date  = {2022-05-08},
  url   = {https://releases.ubuntu.com/22.04/},
}

@Misc{instal_vitis,
  title = {Vitis Software Platform Installation},
  date  = {2024-05-17},
  url   = {https://docs.amd.com/r/en-US/ug1400-vitis-embedded/Setting-Up-the-Environment-to-Run-the-Vitis-Software-Platform},
}

@Misc{install_vitis,
  title = {Vitis Software Platform Installation},
  date  = {2024-05-17},
  url   = {https://docs.amd.com/r/en-US/ug1400-vitis-embedded/Setting-Up-the-Environment-to-Run-the-Vitis-Software-Platform},
}

@Misc{install_vivado,
  title = {Vivado Download and Installation},
  date  = {2024-05-17},
  url   = {https://docs.amd.com/r/en-US/ug973-vivado-release-notes-install-license/Installer-Download-Options},
}

@Comment{jabref-meta: databaseType:biblatex;}
